@misc{sushi_wikipedia,
title={寿司},
author={Wikipedia},
note={\url{https://ja.wikipedia.org/wiki/%E5%AF%BF%E5%8F%B8} (参照: 2021-11-07)}
}